[gd_scene load_steps=20 format=3 uid="uid://dc4wwitofb7st"]

[ext_resource type="Script" path="res://Fox_Character.gd" id="1_tibmt"]
[ext_resource type="Texture2D" uid="uid://bl5f8ylpboaxg" path="res://Sprites/JUMP/JUMP1.png" id="2_ehujf"]
[ext_resource type="Texture2D" uid="uid://drdur07f115qa" path="res://Sprites/IDLE/IDLE0.png" id="3_ebwhy"]
[ext_resource type="Texture2D" uid="uid://wejcr4a4wphk" path="res://Sprites/IDLE/IDLE1.png" id="4_hforf"]
[ext_resource type="Texture2D" uid="uid://dw2gn7t8gcwyt" path="res://Sprites/IDLE/IDLE2.png" id="5_ya6ap"]
[ext_resource type="Texture2D" uid="uid://bn5l2270bi3mp" path="res://Sprites/IDLE/IDLE3.png" id="6_ojrhf"]
[ext_resource type="Texture2D" uid="uid://56xyx2jh583j" path="res://Sprites/IDLE/IDLE4.png" id="7_701s3"]
[ext_resource type="Texture2D" uid="uid://ycp8xk0x5jcd" path="res://Sprites/IDLE/IDLE5.png" id="8_5h3th"]
[ext_resource type="Texture2D" uid="uid://psssgj4p3o44" path="res://Sprites/IDLE/IDLE6.png" id="9_digfl"]
[ext_resource type="Texture2D" uid="uid://b1a1y4dwnhcos" path="res://Sprites/IDLE/IDLE7.png" id="10_k0230"]
[ext_resource type="Texture2D" uid="uid://cot3gx6f267wn" path="res://Sprites/JUMP/JUMP0.png" id="11_wpoa7"]
[ext_resource type="Texture2D" uid="uid://dn8nuse7vhtln" path="res://Sprites/MOVE/tile000.png" id="12_qyvtd"]
[ext_resource type="Texture2D" uid="uid://do1y8l3j874c0" path="res://Sprites/MOVE/tile001.png" id="13_rqtey"]
[ext_resource type="Texture2D" uid="uid://b55qr2y8fux7n" path="res://Sprites/MOVE/tile002.png" id="14_6rmvk"]
[ext_resource type="Texture2D" uid="uid://r18shbdq8tq6" path="res://Sprites/MOVE/tile003.png" id="15_34djj"]
[ext_resource type="Texture2D" uid="uid://v0m5u3scnwx5" path="res://Sprites/MOVE/tile004.png" id="16_ws1w0"]
[ext_resource type="Texture2D" uid="uid://c4uwja7py7x12" path="res://Sprites/MOVE/tile005.png" id="17_ff4ae"]

[sub_resource type="SpriteFrames" id="SpriteFrames_jch8q"]
animations = [{
"frames": [{
"duration": 1.0,
"texture": ExtResource("2_ehujf")
}],
"loop": true,
"name": &"FALL",
"speed": 5.0
}, {
"frames": [{
"duration": 1.0,
"texture": ExtResource("3_ebwhy")
}, {
"duration": 1.0,
"texture": ExtResource("4_hforf")
}, {
"duration": 1.0,
"texture": ExtResource("5_ya6ap")
}, {
"duration": 1.0,
"texture": ExtResource("6_ojrhf")
}, {
"duration": 1.0,
"texture": ExtResource("7_701s3")
}, {
"duration": 1.0,
"texture": ExtResource("8_5h3th")
}, {
"duration": 1.0,
"texture": ExtResource("9_digfl")
}, {
"duration": 1.0,
"texture": ExtResource("10_k0230")
}],
"loop": true,
"name": &"IDLE",
"speed": 5.0
}, {
"frames": [{
"duration": 1.0,
"texture": ExtResource("11_wpoa7")
}],
"loop": true,
"name": &"JUMP",
"speed": 5.0
}, {
"frames": [{
"duration": 1.0,
"texture": ExtResource("12_qyvtd")
}, {
"duration": 1.0,
"texture": ExtResource("13_rqtey")
}, {
"duration": 1.0,
"texture": ExtResource("14_6rmvk")
}, {
"duration": 1.0,
"texture": ExtResource("15_34djj")
}, {
"duration": 1.0,
"texture": ExtResource("16_ws1w0")
}, {
"duration": 1.0,
"texture": ExtResource("17_ff4ae")
}],
"loop": true,
"name": &"MOVE",
"speed": 5.0
}]

[sub_resource type="CapsuleShape2D" id="CapsuleShape2D_vp88s"]
radius = 23.4033
height = 59.091

[node name="CharacterBody2D" type="CharacterBody2D" groups=["Player"]]
scale = Vector2(0.598207, 0.439999)
script = ExtResource("1_tibmt")

[node name="Camera2D" type="Camera2D" parent="."]

[node name="AnimatedSprite2D" type="AnimatedSprite2D" parent="."]
sprite_frames = SubResource("SpriteFrames_jch8q")
animation = &"MOVE"
autoplay = "IDLE"

[node name="CollisionShape2D" type="CollisionShape2D" parent="."]
position = Vector2(-10.03, -5.68434e-14)
scale = Vector2(0.531935, 1)
shape = SubResource("CapsuleShape2D_vp88s")

[node name="Timer" type="Timer" parent="."]
wait_time = 0.2

[connection signal="timeout" from="Timer" to="." method="_on_timer_timeout"]
